@article{Rumelhart:1986we,
  added-at = {2019-05-21T10:10:49.000+0200},
  author = {Rumelhart, David E. and Hinton, Geoffrey E. and Williams, Ronald J.},
  biburl = {https://www.bibsonomy.org/bibtex/2a392597c4f9cff2cd3c96c2191fa1eb6/sxkdz},
  doi = {10.1038/323533a0},
  interhash = {c354bc293fa9aa7caffc66d40a014903},
  intrahash = {a392597c4f9cff2cd3c96c2191fa1eb6},
  journal = {Nature},
  keywords = {imported},
  number = 6088,
  pages = {533--536},
  timestamp = {2019-05-21T10:10:49.000+0200},
  title = {{Learning Representations by Back-propagating Errors}},
  url = {http://www.nature.com/articles/323533a0},
  volume = 323,
  year = 1986
}

@misc{nøkland2016direct,
      title={Direct Feedback Alignment Provides Learning in Deep Neural Networks}, 
      author={Arild Nøkland},
      year={2016},
      eprint={1609.01596},
      archivePrefix={arXiv},
      primaryClass={stat.ML}
}

@article{DBLP:journals/corr/abs-2002-07400,
  author    = {Amit Daniely and
               Eran Malach},
  title     = {Learning Parities with Neural Networks},
  journal   = {CoRR},
  volume    = {abs/2002.07400},
  year      = {2020},
  url       = {https://arxiv.org/abs/2002.07400},
  eprinttype = {arXiv},
  eprint    = {2002.07400},
  timestamp = {Mon, 02 Mar 2020 16:46:06 +0100},
  biburl    = {https://dblp.org/rec/journals/corr/abs-2002-07400.bib},
  bibsource = {dblp computer science bibliography, https://dblp.org}
}

@misc{bengio2016biologically,
      title={Towards Biologically Plausible Deep Learning}, 
      author={Yoshua Bengio and Dong-Hyun Lee and Jorg Bornschein and Thomas Mesnard and Zhouhan Lin},
      year={2016},
      eprint={1502.04156},
      archivePrefix={arXiv},
      primaryClass={cs.LG}
}

@misc{lee2015difference,
      title={Difference Target Propagation}, 
      author={Dong-Hyun Lee and Saizheng Zhang and Asja Fischer and Yoshua Bengio},
      year={2015},
      eprint={1412.7525},
      archivePrefix={arXiv},
      primaryClass={cs.LG}
}

@misc{ma2019hsic,
      title={The HSIC Bottleneck: Deep Learning without Back-Propagation}, 
      author={Wan-Duo Kurt Ma and J. P. Lewis and W. Bastiaan Kleijn},
      year={2019},
      eprint={1908.01580},
      archivePrefix={arXiv},
      primaryClass={cs.LG}
}

@misc{lillicrap2014random,
      title={Random feedback weights support learning in deep neural networks}, 
      author={Timothy P. Lillicrap and Daniel Cownden and Douglas B. Tweed and Colin J. Akerman},
      year={2014},
      eprint={1411.0247},
      archivePrefix={arXiv},
      primaryClass={q-bio.NC}
}

@misc{launay2020direct,
      title={Direct Feedback Alignment Scales to Modern Deep Learning Tasks and Architectures}, 
      author={Julien Launay and Iacopo Poli and François Boniface and Florent Krzakala},
      year={2020},
      eprint={2006.12878},
      archivePrefix={arXiv},
      primaryClass={stat.ML}
}

@misc{chizat2020lazy,
      title={On Lazy Training in Differentiable Programming}, 
      author={Lenaic Chizat and Edouard Oyallon and Francis Bach},
      year={2020},
      eprint={1812.07956},
      archivePrefix={arXiv},
      primaryClass={math.OC}
}

@article{DBLP:journals/corr/abs-1806-07572,
  author    = {Arthur Jacot and
               Franck Gabriel and
               Cl{\'{e}}ment Hongler},
  title     = {Neural Tangent Kernel: Convergence and Generalization in Neural Networks},
  journal   = {CoRR},
  volume    = {abs/1806.07572},
  year      = {2018},
  url       = {http://arxiv.org/abs/1806.07572},
  eprinttype = {arXiv},
  eprint    = {1806.07572},
  timestamp = {Mon, 13 Aug 2018 16:46:13 +0200},
  biburl    = {https://dblp.org/rec/journals/corr/abs-1806-07572.bib},
  bibsource = {dblp computer science bibliography, https://dblp.org}
}

@article{DBLP:journals/corr/Ruder16,
  author    = {Sebastian Ruder},
  title     = {An overview of gradient descent optimization algorithms},
  journal   = {CoRR},
  volume    = {abs/1609.04747},
  year      = {2016},
  url       = {http://arxiv.org/abs/1609.04747},
  eprinttype = {arXiv},
  eprint    = {1609.04747},
  timestamp = {Mon, 13 Aug 2018 16:48:10 +0200},
  biburl    = {https://dblp.org/rec/journals/corr/Ruder16.bib},
  bibsource = {dblp computer science bibliography, https://dblp.org}
}

@misc{zeiler2012adadelta,
      title={ADADELTA: An Adaptive Learning Rate Method}, 
      author={Matthew D. Zeiler},
      year={2012},
      eprint={1212.5701},
      archivePrefix={arXiv},
      primaryClass={cs.LG}
}

@misc{refinetti2021align,
      title={Align, then memorise: the dynamics of learning with feedback alignment}, 
      author={Maria Refinetti and Stéphane d'Ascoli and Ruben Ohana and Sebastian Goldt},
      year={2021},
      eprint={2011.12428},
      archivePrefix={arXiv},
      primaryClass={stat.ML}
}

@misc{lee2018deep,
      title={Deep Neural Networks as Gaussian Processes}, 
      author={Jaehoon Lee and Yasaman Bahri and Roman Novak and Samuel S. Schoenholz and Jeffrey Pennington and Jascha Sohl-Dickstein},
      year={2018},
      eprint={1711.00165},
      archivePrefix={arXiv},
      primaryClass={stat.ML}
}

@misc{domingos2020model,
      title={Every Model Learned by Gradient Descent Is Approximately a Kernel Machine}, 
      author={Pedro Domingos},
      year={2020},
      eprint={2012.00152},
      archivePrefix={arXiv},
      primaryClass={cs.LG}
}

@misc{launay2019principled,
      title={Principled Training of Neural Networks with Direct Feedback Alignment}, 
      author={Julien Launay and Iacopo Poli and Florent Krzakala},
      year={2019},
      eprint={1906.04554},
      archivePrefix={arXiv},
      primaryClass={stat.ML}
}

@incollection{NEURIPS2019_9015,
title = {PyTorch: An Imperative Style, High-Performance Deep Learning Library},
author = {Paszke, Adam and Gross, Sam and Massa, Francisco and Lerer, Adam and Bradbury, James and Chanan, Gregory and Killeen, Trevor and Lin, Zeming and Gimelshein, Natalia and Antiga, Luca and Desmaison, Alban and Kopf, Andreas and Yang, Edward and DeVito, Zachary and Raison, Martin and Tejani, Alykhan and Chilamkurthy, Sasank and Steiner, Benoit and Fang, Lu and Bai, Junjie and Chintala, Soumith},
booktitle = {Advances in Neural Information Processing Systems 32},
editor = {H. Wallach and H. Larochelle and A. Beygelzimer and F. d\textquotesingle Alch\'{e}-Buc and E. Fox and R. Garnett},
pages = {8024--8035},
year = {2019},
publisher = {Curran Associates, Inc.},
url = {http://papers.neurips.cc/paper/9015-pytorch-an-imperative-style-high-performance-deep-learning-library.pdf}
}

@article{vanDerMaaten2008,
  added-at = {2015-06-19T12:07:15.000+0200},
  author = {van der Maaten, Laurens and Hinton, Geoffrey},
  biburl = {https://www.bibsonomy.org/bibtex/28b9aebb404ad4a4c6a436ea413550b30/lopusz_kdd},
  interhash = {370ba8b9e1909b61880a6f47c93bcd49},
  intrahash = {8b9aebb404ad4a4c6a436ea413550b30},
  journal = {Journal of Machine Learning Research},
  keywords = {dimensionality_reduction tSNE visualization},
  pages = {2579--2605},
  timestamp = {2015-08-19T15:19:11.000+0200},
  title = {Visualizing Data using {t-SNE} },
  url = {http://www.jmlr.org/papers/v9/vandermaaten08a.html},
  volume = 9,
  year = 2008
}

@article{scikit-learn,
 title={Scikit-learn: Machine Learning in {P}ython},
 author={Pedregosa, F. and Varoquaux, G. and Gramfort, A. and Michel, V.
         and Thirion, B. and Grisel, O. and Blondel, M. and Prettenhofer, P.
         and Weiss, R. and Dubourg, V. and Vanderplas, J. and Passos, A. and
         Cournapeau, D. and Brucher, M. and Perrot, M. and Duchesnay, E.},
 journal={Journal of Machine Learning Research},
 volume={12},
 pages={2825--2830},
 year={2011}
}

@article{Hinton_Roweis_2003,
  added-at = {2012-01-16T13:25:40.000+0100},
  author = {Hinton, Geoffrey and Roweis, Sam},
  biburl = {https://www.bibsonomy.org/bibtex/2a0d72c90aa3348858a647e7603ad7323/gromgull},
  description = {Stochastic Neighbor Embedding | Mendeley},
  editor = {S Becker, S Thrun and Obermayer, KEditors},
  interhash = {e29fa9b96e5445390b32830bc42e69ca},
  intrahash = {a0d72c90aa3348858a647e7603ad7323},
  journal = {Advances in neural information processing systems},
  keywords = {dimensionality-reduction embedding machine-learning visualisation},
  pages = {833--840},
  publisher = {Citeseer},
  timestamp = {2012-01-16T13:25:40.000+0100},
  title = {Stochastic Neighbor Embedding},
  url = {http://citeseerx.ist.psu.edu/viewdoc/download?doi=10.1.1.13.7959&rep=rep1&type=pdf},
  volume = 15,
  year = 2003
}

@misc{chizat2020implicit,
      title={Implicit Bias of Gradient Descent for Wide Two-layer Neural Networks Trained with the Logistic Loss}, 
      author={Lenaic Chizat and Francis Bach},
      year={2020},
      eprint={2002.04486},
      archivePrefix={arXiv},
      primaryClass={math.OC}
}



